@article{
  dreherEtAl2021,
  author = {Dreher, Axel and Andreas Fuchs and Bradley Parks and Austin Strange and Michael J. Tierney},
  year = {2021},
  title = {Aid, China, and Growth: Evidence from a New Global Development Finance Dataset},
  journal = {American Economic Journal: Economic Policy},
  volume = {13(2)},
  pages = {135-174}
}
@article{
  dreherFuchs2015,
  author = {Dreher, Axel and Andreas Fuchs},
  year = {2015},
  title = {Rogue Aid? An Americal Analysis of China's Aid Allocation},
  journal = {The Canadian Journal of Economics},
  volume = {48(3)},
  pages = {988-1023}
}
@article{
  dreherEtAl2018,
  author = {Dreher, Axel and Andreas Fuchs and Brad Parks and Austin M. Strange and Michael J. Tierney},
  year = {2018},
  title = {Apples and Dragon Fruits: The Determinants of Aid and Other Forms of STate Financing from China to Africa},
  journal = {International Studies Quarterly},
  volume = {62(1)},
  pages = {182-194}
}
@inbook { 
  fuchsRudyak2019,
  author = {Fuchs, Andreas and Marina Rudyak},
  title = {The Motives of Chinaâ€™s Foreign Aid},
  booktitle = {Handbook on the International Political Economy of China},
  year = {2019},
  publisher = {Edward Elgar Publishing},
  address = {Cheltenham}
}